<record><leader>00000cas a2200000 a 4500</leader><controlfield tag="001">3997961</controlfield><controlfield tag="008">780623d19321961nyuwr ne      0    0eng c</controlfield><datafield ind1=" " ind2=" " tag="010"><subfield code="a">sn 84031525 </subfield></datafield><datafield ind1=" " ind2=" " tag="040"><subfield code="a">YSM</subfield><subfield code="b">eng</subfield><subfield code="c">YSM</subfield><subfield code="d">NYG</subfield><subfield code="d">NYS</subfield><subfield code="d">OCLCQ</subfield><subfield code="d">NYS</subfield><subfield code="d">OCLCQ</subfield><subfield code="d">OCLCO</subfield><subfield code="d">OCLCA</subfield><subfield code="d">OCLCF</subfield></datafield><datafield ind1="1" ind2=" " tag="029"><subfield code="a">AU@</subfield><subfield code="b">000020342014</subfield></datafield><datafield ind1=" " ind2=" " tag="042"><subfield code="a">pcc</subfield></datafield><datafield ind1=" " ind2=" " tag="043"><subfield code="a">n-us-ny</subfield></datafield><datafield ind1=" " ind2=" " tag="090"><subfield code="a">AN2</subfield><subfield code="b">.P6</subfield></datafield><datafield ind1="0" ind2=" " tag="130"><subfield code="a">Port Jefferson record (Port Jefferson, N.Y. : 1932)</subfield></datafield><datafield ind1="1" ind2="0" tag="245"><subfield code="a">Port Jefferson record.</subfield></datafield><datafield ind1=" " ind2=" " tag="260"><subfield code="a">Port Jefferson, N.Y. :</subfield><subfield code="b">[Charles S. Latham],</subfield><subfield code="c">-1961.</subfield></datafield><datafield ind1=" " ind2=" " tag="300"><subfield code="a">v. :</subfield><subfield code="b">ill. ;</subfield><subfield code="c">43 cm.</subfield></datafield><datafield ind1=" " ind2=" " tag="310"><subfield code="a">Weekly</subfield></datafield><datafield ind1="0" ind2=" " tag="362"><subfield code="a">1st year (Aug. 1932)-v. 29, no. 2 (Aug. 24, 1961).</subfield></datafield><datafield ind1=" " ind2=" " tag="500"><subfield code="a">Editors: C.S. Latham, &lt;1944&gt;; J. McKinney, -1961.</subfield></datafield><datafield ind1=" " ind2=" " tag="500"><subfield code="a">"Official newspaper of the villages of Shoreham and Belle Terre and School District No. 1 towns of Smithtown and Brookhaven."</subfield></datafield><datafield ind1=" " ind2=" " tag="500"><subfield code="a">Published on Thursday.</subfield></datafield><datafield ind1=" " ind2="0" tag="651"><subfield code="a">Port Jefferson (N.Y.)</subfield><subfield code="v">Newspapers.</subfield></datafield><datafield ind1=" " ind2="0" tag="651"><subfield code="a">Shoreham (N.Y.)</subfield><subfield code="v">Newspapers.</subfield></datafield><datafield ind1=" " ind2="0" tag="651"><subfield code="a">Belle Terre (N.Y.)</subfield><subfield code="v">Newspapers.</subfield></datafield><datafield ind1=" " ind2="0" tag="651"><subfield code="a">Smithtown (N.Y. : Town)</subfield><subfield code="v">Newpspapers.</subfield></datafield><datafield ind1=" " ind2="0" tag="651"><subfield code="a">Brookhaven (N.Y. : Town)</subfield><subfield code="v">Newspapers.</subfield></datafield><datafield ind1=" " ind2="0" tag="651"><subfield code="a">Suffolk County (N.Y.)</subfield><subfield code="v">Newspapers.</subfield></datafield><datafield ind1=" " ind2="7" tag="655"><subfield code="a">Newspapers.</subfield><subfield code="2">fast</subfield><subfield code="0">(OCoLC)fst01423814</subfield></datafield><datafield ind1=" " ind2="7" tag="651"><subfield code="a">New York (State)</subfield><subfield code="z">Belle Terre.</subfield><subfield code="2">fast</subfield><subfield code="0">(OCoLC)fst01257821</subfield></datafield><datafield ind1=" " ind2="7" tag="651"><subfield code="a">New York (State)</subfield><subfield code="z">Brookhaven (Town)</subfield><subfield code="2">fast</subfield><subfield code="0">(OCoLC)fst01333178</subfield></datafield><datafield ind1=" " ind2="7" tag="651"><subfield code="a">New York (State)</subfield><subfield code="z">Port Jefferson.</subfield><subfield code="2">fast</subfield><subfield code="0">(OCoLC)fst01203448</subfield></datafield><datafield ind1=" " ind2="7" tag="651"><subfield code="a">New York (State)</subfield><subfield code="z">Shoreham.</subfield><subfield code="2">fast</subfield><subfield code="0">(OCoLC)fst01289915</subfield></datafield><datafield ind1=" " ind2="7" tag="651"><subfield code="a">New York (State)</subfield><subfield code="z">Smithtown (Town)</subfield><subfield code="2">fast</subfield><subfield code="0">(OCoLC)fst01334637</subfield></datafield><datafield ind1=" " ind2="7" tag="651"><subfield code="a">New York (State)</subfield><subfield code="z">Suffolk County.</subfield><subfield code="2">fast</subfield><subfield code="0">(OCoLC)fst01207260</subfield></datafield><datafield ind1="1" ind2=" " tag="700"><subfield code="a">Latham, Charles S.</subfield></datafield><datafield ind1="1" ind2=" " tag="700"><subfield code="a">McKinney, John.</subfield></datafield><datafield ind1=" " ind2=" " tag="752"><subfield code="a">United States</subfield><subfield code="b">New York</subfield><subfield code="c">Suffolk</subfield><subfield code="d">Port Jefferson.</subfield></datafield><datafield ind1="0" ind2="0" tag="785"><subfield code="t">Record (Port Jefferson, N.Y.)</subfield><subfield code="w">(DLC)sn 84031529</subfield><subfield code="w">(OCoLC)11088812</subfield></datafield></record>